%K-modes and K-prototypes reference
@inproceedings{huang1997clustering,
  title={Clustering large data sets with mixed numeric and categorical values},
  author={Huang, Zhexue},
  booktitle={Proceedings of the 1st pacific-asia conference on knowledge discovery and data mining,(PAKDD)},
  pages={21--34},
  year={1997},
  organization={Singapore}
}

%K-modes
@article{huang1998extensions,
  title={Extensions to the k-means algorithm for clustering large data sets with categorical values},
  author={Huang, Zhexue},
  journal={Data mining and knowledge discovery},
  volume={2},
  number={3},
  pages={283--304},
  year={1998},
  publisher={Springer}
}

%Recommender Systems Textbook
@book{aggarwal2016recommender,
  title={Recommender systems},
  author={Aggarwal, Charu C and others},
  year={2016},
  publisher={Springer}
}

%Recommender Systems Handbook
@book{2015RecommenderHandbook,
  title = {Recommender Systems Handbook},
  author={Ricci, Francesco and Rokach, Lior and Shapira, Bracha},
  booktitle={Recommender systems handbook},
  year={2015},
  publisher={Springer}
}


%sklearn documentation on Nearest Neighbors
@manual{NearestNeighbors,
 title  = "Scikit Learn Nearest Neighbors Documentation",
 note   = "\url{https://scikit-learn.org/stable/modules/neighbors.html#neighbors}",
 year   = "2019 (accessed May 23, 2019)"
}

%RandomForest reference
@article{breiman2001random,
  title={Random forests},
  author={Breiman, Leo},
  journal={Machine learning},
  volume={45},
  number={1},
  pages={5--32},
  year={2001},
  publisher={Springer}
}

%Support Vector Machines
@article{burges1998tutorial,
  title={A tutorial on support vector machines for pattern recognition},
  author={Burges, Christopher JC},
  journal={Data mining and knowledge discovery},
  volume={2},
  number={2},
  pages={121--167},
  year={1998},
  publisher={Springer}
}

%Linear Support Vector Classification
@article{fan2008liblinear,
  title={LIBLINEAR: A library for large linear classification},
  author={Fan, Rong-En and Chang, Kai-Wei and Hsieh, Cho-Jui and Wang, Xiang-Rui and Lin, Chih-Jen},
  journal={Journal of machine learning research},
  volume={9},
  number={Aug},
  pages={1871--1874},
  year={2008}
}

%Neural Networks in recommender systems
@article{singhal2017use,
  title={Use of deep learning in modern recommendation system: A summary of recent works},
  author={Singhal, Ayush and Sinha, Pradeep and Pant, Rakesh},
  journal={arXiv preprint arXiv:1712.07525},
  year={2017}
}

%Recommender Systems Textbook introduction
@incollection{aggarwal2016introduction,
  title={An introduction to recommender systems},
  author={Aggarwal, Charu C},
  booktitle={Recommender systems},
  pages={1--28},
  year={2016},
  publisher={Springer}
}

%cold start problem
@article{lika2014facing,
  title={Facing the cold start problem in recommender systems},
  author={Lika, Blerina and Kolomvatsos, Kostas and Hadjiefthymiades, Stathes},
  journal={Expert Systems with Applications},
  volume={41},
  number={4},
  pages={2065--2073},
  year={2014},
  publisher={Elsevier}
}

%Collaborative Filtering recommender systems
@Inbook{Schafer2007,
author="Schafer, J. Ben
and Frankowski, Dan
and Herlocker, Jon
and Sen, Shilad",
editor="Brusilovsky, Peter
and Kobsa, Alfred
and Nejdl, Wolfgang",
title="Collaborative Filtering Recommender Systems",
bookTitle="The Adaptive Web: Methods and Strategies of Web Personalization",
year="2007",
publisher="Springer Berlin Heidelberg",
address="Berlin, Heidelberg",
pages="291--324",
abstract="One of the potent personalization technologies powering the adaptive web is collaborative filtering. Collaborative filtering (CF) is the process of filtering or evaluating items through the opinions of other people. CF technology brings together the opinions of large interconnected communities on the web, supporting filtering of substantial quantities of data. In this chapter we introduce the core concepts of collaborative filtering, its primary uses for users of the adaptive web, the theory and practice of CF algorithms, and design decisions regarding rating systems and acquisition of ratings. We also discuss how to evaluate CF systems, and the evolution of rich interaction interfaces. We close the chapter with discussions of the challenges of privacy particular to a CF recommendation service and important open research questions in the field.",
isbn="978-3-540-72079-9",
doi="10.1007/978-3-540-72079-9_9",
url="https://doi.org/10.1007/978-3-540-72079-9_9"
}

%The paradox of choice
@inproceedings{schwartz2004paradox,
  title={The paradox of choice: Why more is less},
  author={Schwartz, Barry},
  year={2004},
  organization={Ecco New York}
}

%LinkedIn recommender system
@inproceedings{kenthapadi2017personalized,
  title={Personalized job recommendation system at linkedin: Practical challenges and lessons learned},
  author={Kenthapadi, Krishnaram and Le, Benjamin and Venkataraman, Ganesh},
  booktitle={Proceedings of the Eleventh ACM Conference on Recommender Systems},
  pages={346--347},
  year={2017},
  organization={ACM}
}

%samenstelling bijstand
@misc{dodeweerd, 
 title={De bijstand blijft groeien},
 url={https://www.divosa.nl/de-bijstand-volume-en-uitstroom-en-samenstelling#samenvatting}, 
 journal={divosa.nl},
 publisher={Divosa},
 author={Dodeweerd, Marije van}
} 

%Survey Job Recommender Systems (1)
@article{T.Al-Otaibi2012ASystems,
    title = {{A survey of job recommender systems}},
    year = {2012},
    journal = {International Journal of the Physical Sciences},
    author = {T. Al-Otaibi, Shaha},
    doi = {10.5897/ijps12.482}
}

%Survey Job Recommender Systems (2)
 @inproceedings{Zheng2012JobSurvey, 
     title = {{Job recommender systems: A survey}}, 
     year = {2012}, 
     booktitle = {ICCSE 2012 - Proceedings of 2012 7th International Conference on Computer Science and Education},
     author = {Zheng, Siting and Hong, Wenxing and Zhang, Ning and Yang, Fan}, 
     isbn = {9781467302425}, 
     doi = {10.1109/ICCSE.2012.6295216}, 
     keywords = {job matching, job recommender system, recommendation technology}
} 

%Types of recommender systems
@incollection{Burke2007HybridSystems,
    title = {{Hybrid Web Recommender Systems}},
    year = {2007}, booktitle = {The Adaptive Web},
    author = {Burke, Robin},
    isbn = {978-3-540-72078-2},
    doi = {10.1007/978-3-540-72079-9{\_}12} 
}

%Demographic recommender system
@article{Bobadilla2013RecommenderSurvey,
    title = {{Recommender systems survey}},
    year = {2013},
    journal = {Knowledge-Based Systems}, 
    author = {Bobadilla, J. and Ortega, F. and Hernando, A. and Guti{\'{e}}rrez, A.}, 
    isbn = {0950-7051}, 
    doi = {10.1016/j.knosys.2013.03.012}, 
    issn = {09507051}, 
    pmid = {25246403}, 
    arxivId = {arXiv:1011.1669v3}, 
    keywords = {Cold-start, Collaborative filtering, Evaluation metrics, Hybrid, Internet of things, Prediction, Recommendation, Recommender systems, Similarity measures, Social}
}

%How does a recommender recommends
@incollection{Ricci2018RecommenderTechniques, 
    title = {{Recommender Systems: Models and Techniques}}, 
    year = {2018}, 
    booktitle = {Encyclopedia of Social Network Analysis and Mining}, 
    author = {Ricci, Francesco}, 
    doi = {10.1007/978-1-4939-7131-2{\_}88}
}

%Netflix: matrix factorization
@article{Koren2009MatrixSystems, 
    title = {{Matrix factorization techniques for recommender systems}},
    year = {2009}, 
    journal = {Computer}, 
    author = {Koren, Yehuda and Bell, Robert and Volinsky, Chris},
    isbn = {0018-9162}, 
    doi = {10.1109/MC.2009.263}, 
    issn = {00189162}, 
    pmid = {17255001}, 
    arxivId = {ISSN 0018-9162}
} 

%Deep Learning in Recommender Systems
@article{Singhal2017UseWorks, 
    title = {{Use of Deep Learning in Modern Recommendation System: A Summary of Recent Works}}, 
    year = {2017}, 
    journal = {International Journal of Computer Applications},
    author = {Singhal, Ayush and Sinha, Pradeep and Pant, Rakesh},
    isbn = {1089-7801}, 
    doi = {10.5120/ijca2017916055}, 
    issn = {09758887}, 
    arxivId = {1712.07525}
} 

%Recurrent Neural Networks
@article{Hidasi2015Session-basedNetworks, 
    title = {{Session-based Recommendations with Recurrent Neural Networks}}, 
    year = {2015}, 
    author = {Hidasi, Balázs and Karatzoglou, Alexandros and Baltrunas, Linas and Tikk, Domonkos}, 
    pages = {1--10}, 
    url = {http://arxiv.org/abs/1511.06939}, 
    doi = {10.1103/PhysRevLett.116.151105}, 
    issn = {10797114}, 
    arxivId = {1511.06939}
}

%Job Recommender / Clustering
@article{hong2013job,
  title={A job recommender system based on user clustering.},
  author={Hong, Wenxing and Zheng, Siting and Wang, Huan and Shi, Jianchao},
  journal={JCP},
  volume={8},
  number={8},
  pages={1960--1967},
  year={2013}
}

%Content-based recommender systems
@incollection{aggarwal2016content,
  title={Content-based recommender systems},
  author={Aggarwal, Charu C},
  booktitle={Recommender Systems},
  pages={139--166},
  year={2016},
  publisher={Springer}
}

%Definition of content-based recommender system
@incollection{pazzani2007content,
  title={Content-based recommendation systems},
  author={Pazzani, Michael J and Billsus, Daniel},
  booktitle={The adaptive web},
  pages={325--341},
  year={2007},
  publisher={Springer}
}

%cold start survey
@article{son2016dealing,
  title={Dealing with the new user cold-start problem in recommender systems: A comparative review},
  author={Son, Le Hoang},
  journal={Information Systems},
  volume={58},
  pages={87--104},
  year={2016},
  publisher={PERGAMON-ELSEVIER SCIENCE LTD THE BOULEVARD, LANGFORD LANE, KIDLINGTON~…}
}

%K-means clustering
@article{hartigan1979algorithm,
  title={Algorithm AS 136: A k-means clustering algorithm},
  author={Hartigan, John A and Wong, Manchek A},
  journal={Journal of the Royal Statistical Society. Series C (Applied Statistics)},
  volume={28},
  number={1},
  pages={100--108},
  year={1979},
  publisher={JSTOR}
}

%K-means optimalization algorithm
@incollection{mackay2003example,
  title={An example inference task: Clustering},
  author={MacKay, David},
  booktitle={Information theory, inference and learning algorithms},
  volume={20},
  pages={284--292},
  year={2003},
  publisher={Cambridge Univ. Press}
}

%hierarchical clustering
@incollection{rokach2005clustering,
  title={Clustering methods},
  author={Rokach, Lior and Maimon, Oded},
  booktitle={Data mining and knowledge discovery handbook},
  pages={321--352},
  year={2005},
  publisher={Springer}
}

%Nearest Neighbors: Content-based and collaborative filtering
@article{balabanovic1997fab,
  title={Fab: content-based, collaborative recommendation},
  author={Balabanovi{\'c}, Marko and Shoham, Yoav},
  journal={Communications of the ACM},
  volume={40},
  number={3},
  pages={66--72},
  year={1997},
  publisher={ACM}
}

%RandomForest and Recommender System
@article{zhang2016three,
  title={Three-way recommender systems based on random forests},
  author={Zhang, Heng-Ru and Min, Fan},
  journal={Knowledge-Based Systems},
  volume={91},
  pages={275--286},
  year={2016},
  publisher={Elsevier}
}

%Logistic Regression
@book{hosmer2013applied,
  title={Applied logistic regression},
  author={Hosmer Jr, David W and Lemeshow, Stanley and Sturdivant, Rodney X},
  volume={398},
  year={2013},
  publisher={John Wiley \& Sons}
}

%Neural Networks
@book{bishop1995neural,
  title={Neural networks for pattern recognition},
  author={Bishop, Christopher M and others},
  year={1995},
  publisher={Oxford university press}
}

%Deep Learning in recommender systems
@article{zhang2019deep,
  title={Deep learning based recommender system: A survey and new perspectives},
  author={Zhang, Shuai and Yao, Lina and Sun, Aixin and Tay, Yi},
  journal={ACM Computing Surveys (CSUR)},
  volume={52},
  number={1},
  pages={5},
  year={2019},
  publisher={ACM}
}

%TD-IDF
@inproceedings{ramos2003using,
  title={Using tf-idf to determine word relevance in document queries},
  author={Ramos, Juan and others},
  booktitle={Proceedings of the first instructional conference on machine learning},
  volume={242},
  pages={133--142},
  year={2003},
  organization={Piscataway, NJ}
}

%Performance Nearest Neighbors
@inproceedings{koren2008factorization,
  title={Factorization meets the neighborhood: a multifaceted collaborative filtering model},
  author={Koren, Yehuda},
  booktitle={Proceedings of the 14th ACM SIGKDD international conference on Knowledge discovery and data mining},
  pages={426--434},
  year={2008},
  organization={ACM}
}

%Performance Nearest Neighbors
@article{takacs2007major,
  title={Major components of the gravity recommendation system},
  author={Tak{\'a}cs, G{\'a}bor and Pil{\'a}szy, Istv{\'a}n and N{\'e}meth, Botty{\'a}n and Tikk, Domonkos},
  journal={Acm Sigkdd Explorations Newsletter},
  volume={9},
  number={2},
  pages={80--83},
  year={2007},
  publisher={ACM}
}

%Advantages of Nearest Neighbors
@incollection{ning2015comprehensive,
  title={A comprehensive survey of neighborhood-based recommendation methods},
  author={Ning, Xia and Desrosiers, Christian and Karypis, George},
  booktitle={Recommender systems handbook},
  pages={37--76},
  year={2015},
  publisher={Springer}
}

%K-Nearest Neighbors
@article{altman1992introduction,
  title={An introduction to kernel and nearest-neighbor nonparametric regression},
  author={Altman, Naomi S},
  journal={The American Statistician},
  volume={46},
  number={3},
  pages={175--185},
  year={1992},
  publisher={Taylor \& Francis Group}
}

%SMOTE
@article{chawla2002smote,
  title={SMOTE: synthetic minority over-sampling technique},
  author={Chawla, Nitesh V and Bowyer, Kevin W and Hall, Lawrence O and Kegelmeyer, W Philip},
  journal={Journal of artificial intelligence research},
  volume={16},
  pages={321--357},
  year={2002}
}

%Recursive Feature Elimination
@article{guyon2002gene,
  title={Gene selection for cancer classification using support vector machines},
  author={Guyon, Isabelle and Weston, Jason and Barnhill, Stephen and Vapnik, Vladimir},
  journal={Machine learning},
  volume={46},
  number={1-3},
  pages={389--422},
  year={2002},
  publisher={Springer}
}

%MCC
@article{matthews1975comparison,
  title={Comparison of the predicted and observed secondary structure of T4 phage lysozyme},
  author={Matthews, Brian W},
  journal={Biochimica et Biophysica Acta (BBA)-Protein Structure},
  volume={405},
  number={2},
  pages={442--451},
  year={1975},
  publisher={Elsevier}
}

%MCC usefulness
@article{chicco2017ten,
  title={Ten quick tips for machine learning in computational biology},
  author={Chicco, Davide},
  journal={BioData mining},
  volume={10},
  number={1},
  pages={35},
  year={2017},
  publisher={BioMed Central}
}

%MCC imbalance datasets
@article{boughorbel2017optimal,
  title={Optimal classifier for imbalanced data using Matthews Correlation Coefficient metric},
  author={Boughorbel, Sabri and Jarray, Fethi and El-Anbari, Mohammed},
  journal={PloS one},
  volume={12},
  number={6},
  pages={e0177678},
  year={2017},
  publisher={Public Library of Science}
}

%Directive 95/46/EC
@misc{european_data_protection,   
title={Directive 95/46/EC}, url={https://edps.europa.eu/data-protection/our-work/publications/legislation/directive-9546ec_en}, 
journal={European Data Protection Supervisor - European Data Protection Supervisor},
publisher={European Union}, 
year={2016}, 
month={Dec}
}

%Privacy by design
@article{d2015privacy,
  title={Privacy by design in big data: An overview of privacy enhancing technologies in the era of big data analytics},
  author={D'Acquisto, Giuseppe and Domingo-Ferrer, Josep and Kikiras, Panayiotis and Torra, Vicen{\c{c}} and de Montjoye, Yves-Alexandre and Bourka, Athena},
  journal={arXiv preprint arXiv:1512.06000},
  year={2015}
}

%K-anonomity
@article{sweeney2002k,
  title={k-anonymity: A model for protecting privacy},
  author={Sweeney, Latanya},
  journal={International Journal of Uncertainty, Fuzziness and Knowledge-Based Systems},
  volume={10},
  number={05},
  pages={557--570},
  year={2002},
  publisher={World Scientific}
}

%RandomizedSearchCV
@misc{sklearn,
title={Scikit-learn RandomizedSearchCV}, url={https://scikit-learn.org/stable/modules/generated/sklearn.model_selection.RandomizedSearchCV.html}, 
journal={sklearn}, 
publisher={Scikit-learn}
}

%Random Hyperparameter search
@article{bergstra2012random,
  title={Random search for hyper-parameter optimization},
  author={Bergstra, James and Bengio, Yoshua},
  journal={Journal of Machine Learning Research},
  volume={13},
  number={Feb},
  pages={281--305},
  year={2012}
}

%Strategies for hyperparameter search
@article{larochelle2009exploring,
  title={Exploring strategies for training deep neural networks},
  author={Larochelle, Hugo and Bengio, Yoshua and Louradour, J{\'e}r{\^o}me and Lamblin, Pascal},
  journal={Journal of machine learning research},
  volume={10},
  number={Jan},
  pages={1--40},
  year={2009}
}

%Importance of choosing the right features
\cite{domingos2012few}
@article{domingos2012few,
  title={A few useful things to know about machine learning.},
  author={Domingos, Pedro M},
  journal={Commun. acm},
  volume={55},
  number={10},
  pages={78--87},
  year={2012}
}
