@article{Joulin2016BagClassification,
    title = {{Bag of Tricks for Efficient Text Classification}},
    year = {2016},
    author = {Joulin, Armand and Grave, Edouard and Bojanowski, Piotr and Mikolov, Tomas},
    url = {http://arxiv.org/abs/1607.01759},
    isbn = {9781577357384},
    doi = {1511.09249v1},
    issn = {10450823},
    pmid = {1000303116},
    arxivId = {1607.01759}
}

@inproceedings{Tang2015DocumentClassification,
    title = {{Document Modeling with Gated Recurrent Neural Network for Sentiment Classification}},
    year = {2015},
    booktitle = {Proceedings of the 2015 Conference on Empirical Methods in Natural Language Processing},
    author = {Tang, Duyu and Qin, Bing and Liu, Ting},
    isbn = {9781941643327},
    doi = {10.18653/v1/D15-1167},
    issn = {10495258},
    pmid = {17805084},
    arxivId = {1508.04025}
}

@article{LeVrang2014ESCO:Interoperability,
    title = {{ESCO: Boosting job matching in Europe with semantic interoperability}},
    year = {2014},
    journal = {Computer},
    author = {Le Vrang, Martin and Papantoniou, Agis and Pauwels, Erika and Fannes, Pieter and Vandensteen, Dominique and De Smedt, Johan},
    isbn = {0018-9162},
    doi = {10.1109/MC.2014.283},
    issn = {00189162},
    keywords = {ESCO, European Commission, European Skills/Competences, European Union, Internet/Web technologies, Qualifications, Semantic Web, and Occupations, big data, crowdsourcing, databases, distributed systems, e-government, job matching, job portals, knowledge management, linked open data, machine learning, semantic interoperability}
}

@article{Xie2013IntegratingModeling,
    title = {{Integrating Document Clustering and Topic Modeling}},
    year = {2013},
    journal = {Proceedings of the 29th conference on uncertainty in artificial intelligence},
    author = {Xie, Pengtao and Xing, Eric P},
    pages = {694--703},
    url = {http://www.cs.cmu.edu/~pengtaox/papers/uai2013paper.pdf},
    doi = {10.5194/hess-20-193-2016},
    issn = {1607-7938},
    arxivId = {1309.6874}
}

@article{Beyer2018JobGermany,
    title = {{Job autonomy and education-skill matches of immigrant workers in Germany}},
    year = {2018},
    journal = {Applied Economics Letters},
    author = {Beyer, Robert C M},
    number = {00},
    pages = {1--5},
    volume = {00},
    publisher = {Routledge},
    url = {https://doi.org/10.1080/13504851.2018.1558334 https://www.tandfonline.com/doi/full/10.1080/13504851.2018.1558334},
    doi = {10.1080/13504851.2018.1558334},
    issn = {1350-4851},
    keywords = {Germany, Migration, and education-skill matches of, by much lower autonomy, determinants of occupational autonomy, immigrant workers in germany, in contrast, labour market, of comparable natives and, only minimally over time, skills, than those, the immigrant penalty decreases, their jobs are characterized, this letter examines the}
}

@article{Bijalwan2014KNNMining,
    title = {{KNN based Machine Learning Approach for Text and Document Mining}},
    year = {2014},
    journal = {International Journal of Database Theory and Application},
    author = {Bijalwan, Vishwanath and Kumar, Vinay and Kumari, Pinki and Pascual, Jordan},
    isbn = {2005-4270},
    doi = {10.14257/ijdta.2014.7.1.06},
    issn = {20054270},
    arxivId = {1406.1580}
}

@article{Bell2007Thek-NN,
    title = {{The BellKor solution to the Netflix Prize Neighborhood-based model (k-NN)}},
    year = {2007},
    author = {Bell, Robert M and Koren, Yehuda and Volinsky, Chris},
    url = {https://www.netflixprize.com/assets/ProgressPrize2007_KorBell.pdf}
}